% This file was created with JabRef 2.11.
% Encoding: UTF8

@Periodical{AAAS1883,
  Title                    = {Science},
  Date                     = {1883},
  Editor                   = {{American Association for the Advancement of Science}},
  Number                   = {1},
  Volume                   = {1},
  Location                 = {Washington, D.C.},
  Publisher                = {American Association for the Advancement of Science}
}



@Thesis{CALMS1965,
  Title                    = {Infrared spectroscopic studies on solid oxygen},
  Author                   = {R B CALMS},
  Date                     = {1965},
  Institution              = {Univ. of California},
  Location                 = {Berkeley}
}

@Report{WHO1970,
  Title                    = {Factors regulating the immune response},
  Author                   = {{World Health Organization}},
  Date                     = {1970},
  Institution              = {WHO},
  Location                 = {Geneva},
  Titleaddon               = {report of WHO Scientific Group}
}

@Inproceedings{FOURNEY1971-17-38,
  Title                    = {Advances in holographic photoelasticity},
  Author                   = {M E FOURNEY},
  Booktitle                = {Symposium on Applications of Holography in Mechanics, August 23-25, 1971, University of Southern California, Los Angeles, California},
  Date                     = {1971},
  Pages                    = {17-38},
  Publisher                = {ASME},
  Location                 = {New York}
}

@TechReport{Humphrey1971,
  Title                    = {The sonic throat method and real gas one-dimensional flow: an application to air and nitrogen},
  Author                   = {Humphrey, Richard L. and Wagner, Jerry L.},
  Year                     = {1971},
  Number                   = {730029},
  Type                     = {AD}
}

@Book{CRANE1972,
  Title                    = {Invisible college},
  Author                   = {D. CRANE},
  Date                     = {1972},
  Publisher                = {Univ. of Chicago Press},
  Location                 = {Chicago}
}

@Inbook{WEINSTEIN1974-745-772,
  Title                    = {Pathogenic properties of invading microorganism},
  Author                   = {L WEINSTEIN and M N SWERTZ},
  Bookauthor               = {SODEMAN, Jr., W A and W A SODEMAN},
  Booktitle                = {Pathologic physiology},
  Pages                    = {745-772},
  Publisher                = {Saunders},
  Booktitleaddon           = {mechanisms of disease},
  Location                 = {Philadelphia},
  Year                     = {1974}
}

@Article{KENNEDY1975-339-360,
  Title                    = {Morphology and genesis of nodular chalks and hardgrounds in the Upper
 Cretacesous of southern England},
  Author                   = {W. J. KENNEDY and R. E. GARRISON},
  Date                     = {1975},
  Journaltitle             = {Lethaia},
  Pages                    = {339-360},
  Volume                   = {8}
}

@Book{IFLAI1977,
  Title                    = {Names of persons: national usages for entry in catalogues},
  Author                   = {{International Federation of Library Association and Institutions}},
  Edition                  = {3},
  Publisher                = {IFLA International Office for UBC},
  Location                 = {London},
  Year                     = {1977}
}

@Article{亚洲地质图编目组1978-194-208,
  Title                    = {亚洲地层与地质历史概述},
  Author                   = {亚洲地质图编目组},
  Date                     = {1978},
  Journaltitle             = {地质学报},
  Pages                    = {194-208},
  Volume                   = {3}
}

@Inbook{BUSECK1980-117-211,
  Title                    = {Subsolidus phenomena in pyroxenes},
  Author                   = {P R BUSECK and NORD, Jr., G L and D R VEBLEN},
  Bookauthor               = {CT PREWITT},
  Booktitle                = {Pyroxense},
  Date                     = {1980},
  Pages                    = {117-211},
  Publisher                = {Mineralogical Society of America},
  Location                 = {Washington, D.C.}
}

@Periodical{中华医学会湖北分会1984,
  Title                    = {临床内科杂志},
  Address                  = {武汉},
  Date                     = {1984},
  Editor                   = {中华医学会湖北分会},
  Institution              = {中华医学会湖北分会},
  Number                   = {1},
  Volume                   = {1}
}

@Incollection{韩吉人1985-90-99,
  Title                    = {论职工教育的特点},
  Author                   = {韩吉人},
  Booktitle                = {职工教育研究论文集},
  Date                     = {1985},
  Publisher                = {人民教育出版社},
  Pages                    = {90-99},
  Bookauthor               = {中国职工教育研究会},
  Location                 = {北京}
}

@Collection{中国职工教育研究会1985,
  Title                    = {职工教育研究论文集},
  Author                   = {中国职工教育研究会},
  Location                 = {北京},
  Publisher                = {人民教育出版社},
  Year                     = {1985}
}

@Standard{全国文献工作标准化委员会第七分委员会1986,
  Title                    = {GB/T 57951986 中国标准书号},
  Author                   = {全国文献工作标准化委员会第七分委员会},
  Note                     = {standard},
  Year                     = {1986},
  Location                 = {北京},
  Publisher                = {中国标准出版社}
}

@Online{1989,
  Title                    = {PACS-L:the public-access computer systems forum},
  Date                     = {1989},
  Url                      = {http://info.lib.uh.edu/pacsl.html},
  Urldate                  = {1995-05-17},
  Location                 = {Houston},
  Publisher                = {Tex: University of Houston Libraries}
}

@Patent{姜锡洲1989,
  Title                    = {一种温热外敷药制备方案},
  Author                   = {姜锡洲},
  Date                     = {1989-07-26},
  Number                   = {88105607.3},
  Titleaddon               = {中国}
}

@Report{DTFHA1990,
  Title                    = {Guidelines for handling excavated acid-producing materials, PB 91-194001},
  Author                   = {{U.S. Department of Transportation Federal Highway Administration}},
  Institution              = {U.S. Department of Commerce National Information Service},
  Location                 = {Springfield},
  Year                     = {1990}
}

@Patent{刘加林1993,
  Title                    = {多功能一次性压舌板},
  Author                   = {刘加林},
  Date                     = {1993-04-14},
  Number                   = {92214985.2},
  Location                 = {中国}
}

@Mastersthesis{张志祥1998,
  Title                    = {间断动力系统的随机扰动及其在守恒律方程中的应用},
  Author                   = {张志祥},
  Date                     = {1998},
  Institution              = {北京大学数学学院},
  Location                 = {北京}
}

@Newspaper{张田勤2000,
  Title                    = {犯罪DNA库与生命伦理学计划},
  Author                   = {张田勤},
  Date                     = {2000-11-12},
  Journaltitle             = {大众科技报},
  Note                     = {news},
  Number                   = {7}
}

@Manual{中国第一历史档案馆2001,
  Title                    = {中国明朝档案总汇},
  Author                   = {中国第一历史档案馆 and 辽宁省档案馆},
  Address                  = {桂林},
  Organization             = {广西师范大学出版社},
  Year                     = {2001}
}

@Www{萧钰2001,
  Title                    = {出版业信息化迈入快车道},
  Author                   = {萧钰},
  Url                      = {http://www.creader.com/news/20011219/200112190019.html},
  Urldate                  = {2002-04-15},
  Date                     = {2001-12-19}
}

@Inproceedings{Firoozbakhsh2003-473-477,
  Title                    = {Analysis of IEEE 802.11a interference on UWB systems},
  Address                  = {Oulu, Finland},
  Author                   = {Firoozbakhsh, B. and Pratt,T. G. and Jayant,N.},
  Booktitle                = {Proc. of IEEE Conference on Ultrawideband Systems and Technologies (UWBST)},
  Pages                    = {473-477},
  Year                     = {2003}
}

@Electronic{OMG2003,
  Title                    = {Unified Modeling Language: Superstructure},
  Author                   = {{omg Inc.}},
  Url                      = {http://www.omg.org},
  Year                     = {2003}
}

@Thesis{吴云芳2003,
  Title                    = {面向中文信息处理的现代汉语并列结构研究},
  Address                  = {北京},
  Author                   = {吴云芳},
  Institution              = {北京大学},
  Url                      = {http://thesis.lib.pku.edu.cn},
  Urldate                  = {2013-10-14},
  Year                     = {2003}
}

@Conference{Li2004-21-24,
  Title                    = {Practical approaches to channel estimation and interference suppression for OFDM based UWB communications},
  Author                   = {Li, Y. and Molisch,A. F. and Zhang,J.},
  Booktitle                = {Proc. of the IEEE 6th Circ. and Syst., Symp. on Emerging Technologies: Frontiers of Mobile and Wireless Communication},
  Pages                    = {21-24},
  Volume                   = {1},
  Year                     = {2004}
}

@PhdThesis{张若凌2004,
  Title                    = {高超声速非平衡流动的计算和实验研究},
  Author                   = {张若凌},
  School                   = {中国空气动力研究与发展中心},
  Year                     = {2004},
  Location                 = {绵阳}
}

@Inproceedings{Giorgetti2005-794-798,
  Title                    = {Coexistence of UWB and narrowband systems in Nakagami/Rice channels},
  Address                  = {Aalborg, Denmark},
  Author                   = {Giorgetti, A.},
  Booktitle                = {Proc. Int. Symp. on Wireless Personal Multimedia Commun. (WPMC)},
  Pages                    = {794-798},
  Year                     = {2005}
}


@Thesis{马欢2011-27-27,
  Title                    = {人类活动影响下海河流域典型区水循环变化分析},
  Address                  = {北京},
  Author                   = {马欢},
  Institution              = {清华大学},
  Pages                    = {27},
  Url                      = {http://www.cnki.net},
  Urldate                  = {2013-10-14},
  Year                     = {2011}
}

@Patent{张凯军,
  Title                    = {轨道火车及高速轨道火车紧急安全制动辅助装置},
  Author                   = {张凯军},
  Number                   = {201220158825.2},
  Year                     = {2012}
}

@Online{李强,
  Title                    = {化解医患矛盾需釜底抽薪},
  Author                   = {李强},
  Url                      = {http://wenku.baidu.com},
  Urldate                  = {2013-03-25},
  Year                     = {2012}
}


@Unpublished{包太雷,
  Title                    = {LaTeX Notes},
  Author                   = {包太雷},
  Edition                  = {第二版},
  Month                    = {9},
  Subtitle                 = {雷太赫排版系统简介},
  Year                     = {2013}
}

@Inproceedings{r27-BenHadjAlaya-FekiA.2008-1-5,
  Title                    = {Interference cartography for hierarchical dynamic spectrum access},
  Address                  = {Chicago, IL},
  Author                   = {{Ben Hadj Alaya-Feki A.} and B. Sayrac and S. Ben Jemaa and E. Moulines},
  Booktitle                = {Proc. IEEE Symp. on New Frontiers in Dynamic Spectrum Access Networks (DySPAN)},
  Date                     = {2008-10},
  Pages                    = {1-5}
}
